<mx:record xmlns="http://www.w3.org/TR/xhtml1/strict" xmlns:mx="http://www.loc.gov/MARC21/slim" xmlns:xsi="http://www.w3.org/2001/XMLSchema-instance"><mx:leader>00000nz   2200000n  4500</mx:leader><mx:controlfield tag="001">oca06959114 </mx:controlfield><mx:controlfield tag="003">OCoLC</mx:controlfield><mx:controlfield tag="005">20060602033106.0</mx:controlfield><mx:controlfield tag="008">060531n| acannaabn          |a aaa     c</mx:controlfield><mx:datafield ind1=" " ind2=" " tag="010"><mx:subfield code="a">nr2006014535</mx:subfield></mx:datafield><mx:datafield ind1=" " ind2=" " tag="040"><mx:subfield code="a">UkCU</mx:subfield><mx:subfield code="b">eng</mx:subfield><mx:subfield code="c">UkCU</mx:subfield></mx:datafield><mx:datafield ind1="0" ind2=" " tag="100"><mx:subfield code="a">Demades,</mx:subfield><mx:subfield code="d">ca. 380-319 B.C.</mx:subfield></mx:datafield><mx:datafield ind1="0" ind2=" " tag="400"><mx:subfield code="a">Démade,</mx:subfield><mx:subfield code="d">ca. 380-319 B.C.</mx:subfield></mx:datafield><mx:datafield ind1=" " ind2=" " tag="670"><mx:subfield code="a">L'orateur Démade, 2000</mx:subfield></mx:datafield><mx:datafield ind1=" " ind2=" " tag="670"><mx:subfield code="a">Oxford classical dictionary, 2003</mx:subfield><mx:subfield code="b">(c. 380-319 BC; Athenian statesman, of major importance in the two decades following the Greek defeat at the battle of Chaeronea (338 BC); published no speeches - the fragment of a speech Concerning the twelve years is generally agreed not to be genuine - but many striking phrases were remembered)</mx:subfield></mx:datafield></mx:record>